@article{ley2020data,
  title={Data-Centric Engineering in modern science from the perspective of a statistician, an engineer, and a software developer},
  author={Ley, Christophe and Tibolt, Mike and Fromme, Dirk},
  journal={Data-Centric Engineering},
  volume={1},
  pages={e2},
  year={2020},
  publisher={Cambridge University Press},
  doi={10.1017/dce.2020.2}
}



@article{fasi2021algorithms,
  title={Algorithms for stochastically rounded elementary arithmetic operations in IEEE 754 floating-point arithmetic},
  author={Fasi, Massimiliano and Mikaitis, Mantas},
  journal={IEEE Transactions on Emerging Topics in Computing},
  volume={9},
  number={3},
  pages={1451--1466},
  year={2021},
  publisher={IEEE},
  doi={10.1109/IEEESTD.2019.8766229}
}

@article{mallasen2024big,
  title={Big-PERCIVAL: Exploring the native use of 64-bit posit arithmetic in scientific computing},
  author={Mallas{\'e}n, David and Del Barrio, Alberto A and Prieto-Matias, Manuel},
  journal={IEEE Transactions on Computers},
  year={2024},
  publisher={IEEE},
  doi={10.1109/TC.2024.3377890}
}

@article{milosavljevic2020identification,
  title={Identification of salt deposits on seismic images using deep learning method for semantic segmentation},
  author={Milosavljevi{\'c}, Aleksandar},
  journal={ISPRS International Journal of Geo-Information},
  volume={9},
  number={1},
  pages={24},
  year={2020},
  publisher={MDPI},
  doi={10.3390/ijgi9010024}
}

@article{shokouhi2021physics,
  title={Physics-informed deep learning for prediction of CO2 storage site response},
  author={Shokouhi, Parisa and Kumar, Vikas and Prathipati, Sumedha and Hosseini, Seyyed A and Giles, Clyde Lee and Kifer, Daniel},
  journal={Journal of Contaminant Hydrology},
  volume={241},
  pages={103835},
  year={2021},
  publisher={Elsevier},
  doi={10.1016/j.jconhyd.2021.103835}
}

@article{wang2024hybrid,
  title={A hybrid physics-informed data-driven neural network for CO2 storage in depleted shale reservoirs},
  author={Wang, Yan-Wei and Dai, Zhen-Xue and Wang, Gui-Sheng and Chen, Li and Xia, Yu-Zhou and Zhou, Yu-Hao},
  journal={Petroleum Science},
  volume={21},
  number={1},
  pages={286--301},
  year={2024},
  publisher={Elsevier},
  doi={10.1016/j.petsci.2023.08.032}
}